<?xml version="1.0" encoding="UTF-8"?><collection xmlns="http://www.loc.gov/MARC21/slim"><record><leader>00470nam--2200145-i-4500</leader><controlfield tag="001">000030210</controlfield><controlfield tag="002">20161230</controlfield><controlfield tag="005">20161230201038</controlfield><controlfield tag="008">060222s1000------------r-----000-0-eng-d</controlfield><datafield ind1=" " ind2=" " tag="080"><subfield code="a">517.962.24(043)</subfield></datafield><datafield ind1=" " ind2="1" tag="100"><subfield code="a">Madaune-tort, Monique</subfield></datafield><datafield ind1="1" ind2="0" tag="245"><subfield code="a">Perturbations singulieres de problemes aux limites du second ordre hyperboliques et paraboliques non lineaires. these</subfield></datafield><datafield ind1=" " ind2=" " tag="260"><subfield code="a">Pau, Universite, 1981. /Pag. Dif.</subfield></datafield><datafield ind1=" " ind2=" " tag="852"><subfield code="a">71101</subfield><subfield code="c">517.9</subfield></datafield><datafield ind1=" " ind2=" " tag="CAT"><subfield code="a">Sys</subfield><subfield code="c">20090413</subfield><subfield code="h">122541</subfield></datafield></record></collection>